
%% This BibTeX bibliography file was created using BibDesk.
%% http://bibdesk.sourceforge.net/

%% Created for Neil Taylor at 2019-04-17 14:08:38 +0100 


%% Saved with string encoding Unicode (UTF-8) 

@misc{MMinitures,
	Annote =  {The lighting controllers sold byMalcolm Miniatures.},
	Author = {Malcolm Miniatures},
	Date-Modified = {2021},
	Howpublished = {\url{http://www.malcolmsminiatures.co.uk/Lighting+controls}},
	Month = Jun,
	Note = {Accessed April 2021},
	Title = {{Malcolm Miniatures main page}},
	Year = {2021}}

@misc{Scrum,
	Annote =  {A guide written by Alex Andrews on how to apply the agile methodology Scrum when working by yourself.},
	Author = {Alex Andrews},
	Date-Modified = {2nd of June 2017},
	Howpublished = {\url{https://www.raywenderlich.com/585-scrum-of-one-how-to-bring-scrum-into-your-one-person-operation}},
	Month = Jun,
	Note = {Accessed February/March 2021},
	Title = {{Guide on using the agile methodology Scrum with a single person}},
	Year = {2017}}

@misc{Scratch,
	Annote =  {A link to the scratch hompage.},
	Howpublished = {\url{https://scratch.mit.edu/}},
	Note = {Accessed March 2021},
	Title = {{Scratch}},
	Year = {2021}}

@misc{RNTMain,
	Annote =  {A series of guides by Random Nerd Tutorials that helped me with different aspects of the project.},
	Author = {Random Nerd Tutorials},
	Date-Modified = {2021},
	Howpublished = {\url{https://randomnerdtutorials.com/}},
	Month = Mar,
	Note = {Accessed February/March 2021},
	Title = {{Random Nerd Tutorials main page.}},
	Year = {2021}}

@misc{ESP32PWM,
	Annote =  {A Guide on using the PWM pins on the ESP32 to display different brightnesses to the LEDS.},
	Author = {Rui Santos and Sara Santos},
	Date-Modified = {2021},
	Howpublished = {\url{https://randomnerdtutorials.com/esp32-pwm-arduino-ide/}},
	Month = March,
	Note = {Accessed March/April 2021},
	Title = {{Guide on using the agile methodology Scrum with a single person}},
	Year = {2020}}

@misc{WS2812,
	Annote =  {An example of the use of the WS2812 ring LEDs that helped me understand how they are operated.},
	Author = {Arduino Learning},
	Date-Modified = {2021},
	Howpublished = {\url{http://arduinolearning.com/code/ws2812-rgb-led-ring-example-on-arduino.php}},
	Month = Jun,
	Note = {Accessed March/April 2021},
	Title = {{WS2812 RGB LED Ring example on arduino}},
	Year = {2020}}